@Book{ Strang03,
	author		= {Gilbert Strang},
	title		= {{Introduction to Linear Algebra}},
	publisher	= {Wellesley-Cambridge Press},
	year		= {2003},
	edition		= {{Third}}
}

@Book{ Strang97,
	author		= {Gilbert Strang and Kai Borre},
	title		= {{Linear Algebra, Geodesy, and GPS}},
	publisher	= {{Siam}},
	year		= {1997}
}

@Book{ Bronson07,
	author		= {Richard Bronson and Gabriel B. Costa},
	title		= {{Linear Algebra}},
	publisher	= {{Academic Press}},
	year		= {2007},
	edition		= {{Second}},
	isbn		= {9780120887842}
}

@Book{ Hartley03,
	author		= {Richard Hartley and Andrew Zisserman},
	title		= {{Multiple View Geometry in Computer Vision}},
	publisher	= {{Cambridge University Press}},
	year		= {2003},
	edition		= {{Second}},
	isbn		= {0521540518}
}

@Book{ Gopal93,
	author		= {M. Gopal},
	title		= {{Modern Control System Theory}},
    publisher   = {{Wiley}},
	year		= {1993}
}

@InProceedings{ Weng92,
	author		= {J. Weng and T.S. Huang and N. Ahuja},
	title		= {{Motion and Structure from Line Correspondences; Closed-Form Solution, Uniqueness, and Optimization}},
	journal		= {{IEEE Transactions on Pattern Analysis and Machine Intelligence}},
	volume		= {14},
	number		= {3},
	issn		= {0162-8828},
	year		= {1992},
	pages		= {318--336},
	doi 		= {http://doi.ieeecomputersociety.org/10.1109/34.120327},
	publisher	= {{IEEE Computer Society}},
	address		= {{Los Alamitos, CA, USA}},
}

@Article{ Forstner87,
	author 		= {W. F\"orstner and E. Gulch},
	title 		= {{A Fast Operator for Detection and Precise Location of Distinct Points, Corners and Centres of Circular Features}},
	journal 	= {{ISPS Intercommission Workshop, Interlaken}},
	year 		= {1987},
	pages 		= {281--305}
}

@Book{ Ma06,
	author		= {Yi Ma and Stefano Soatto and Jana Ko\v{s}eck\'{a} and S. Shankar Sastry},
	title		= {{An Invitation to 3-D Vision}},
	publisher	= {Springer},
	year		= {2006}
}

@Unpublished{ Belongie04,
	author		= {Serge Belongie},
	title		= {{CSE 252B: Computer Vision 2, Lecture Notes}},
	note		= {http://www.cse.ucsd.edu/classes/sp04/cse252b},
	year		= {2004}
}

@Book{ Brannan99,
	author 		= {Brannan, D.A. and Esplen, M.F. and Gray, J.J.},
	title 		= {Geometry},
	publisher 	= {Cambridge University Press},
	year 		= {1999},
	edition 	= {{First}}
}

@Unpublished{ Halterman09,
	author 		= {Ryan Halterman},
	title 		= {{Thoughts on Efficiently Transforming Velodyne HDL-64E LIDAR Data Coordinate Frames}},
	note		= {},
	year 		= {2009}
}

@Article{ Rusu08,
	author		= {Radu Bogdan Rusu and Zoltan Csaba Marton and Nico Blodow and Mihai Dolha and Michael Beetz},
	title		= {{Towards 3D Point Cloud Based Object Maps for Household Environments}},
	journal		= {Robotics and Autonomous Systems Journal (Special Issue on Semantic Knowledge)},
	year		= {2008},
	url 		= {http://files.rbrusu.com/publications/Rusu08RAS-Semantic.pdf}
}

@InProceedings{ Nuchter04,
	author		= {Andreas N\"uchter and Hartmut Surmann and Kai Lingemann and Joachim Hertzberg and Sebastian Thrun},
	title		= {{6D SLAM with an Application in Autonomous Mine Mapping}},
	journal		= {IEEE 2004 International Conference Robotics and Automation},
	year		= {2004},
	url 		= {http://plum.eecs.jacobs-university.de/download/icra2004.pdf}
}

@InProceedings{ Nuchter05,
	author		= {Andreas N\"uchter and Kai Lingemann and Joachim Hertzberg and Hartmut Surmann},
	title		= {{Heuristic-Based Laser Scan Matching for Outdoor 6D SLAM}},
	journal		= {Advances in Artificial Intelligence. 28th Annual German Conference on AI.},
	year		= {2005},
	url 		= {http://plum.eecs.jacobs-university.de/download/ki2005.pdf}
}

@Article{ Surmann03,
	author		= {Hartmut Surmann and Andreas N\"uchter and Joachim Hertzberg},
	title		= {{An autonomous mobile robot with a 3D laser range finder for 3D exploration and digitalization of indoor environments}},
	journal		= {Journal Robotics and Autonomous Systems (JRAS)},
	year		= {2003},
	url 		= {http://plum.eecs.jacobs-university.de/download/raas2003.pdf}
}

@Article{ Nuchter07,
	author		= {Andreas N\"uchter and Hartmut Surmann},
	title		= {{6D SLAM - 3D Mapping Outdoor Environments}},
	journal		= {Journal of Field Robotics (JFR), Special Issue on Quantitative Performance Evaluation of Robotic and Intelligent Systems},
	year		= {2007},
	address		= {http://plum.eecs.jacobs-university.de/download/jfr2007.pdf},
	volume		= {24},
	number		= {8-9},
	issn		= {1556-4959},
	pages		= {699--722},
	publisher	= {{Wiley \& Son}}
}

@Article{ NuchterLyapunov07,
	author		= {Andreas N\"uchter and Giovanni Indiveri and Kai Lingemann},
	title		= {{High Speed Differential Drive Mobile Robot Path Following Control With Bounded Wheel Speed Commands}},
	journal		= {IEEE International Conference on Robotics and Automation},
    month       = {April},
	year		= {2007},
	pages		= {2202--2207}
}

@InProceedings{ Brenneke03,
	author		= {Christian Brenneke and Oliver Wulf and Bernardo Wagner},
	title		= {{Using 3D Laser Range Data for SLAM in Outdoor Environments}},
	journal		= {2003 IEEE/RSJ, International Conference on Intelligent Robots and Systems},
	year		= {2003}
}

@InProceedings{ Rusinkiewicz01,
	author		= {Szymon Rusinkiewicz and Marc Levoy},
	title		= {{Efficient Variants of the ICP Algorithm}},
	journal		= {3D Digital Imaging and Modeling 2001},
	year		= {2001},
	url 		= {http://graphics.stanford.edu/papers/fasticp/}
}

@InProceedings{ Besl92,
	author		= {Paul Besl and Neil D. McKay},
	title		= {{A Method for Registration of 3-D Shapes}},
	journal		= {IEEE Transactions on Pattern Analysis and Machine Intelligence},
	year		= {1992},
	volume		= {14},
	number		= {2},
	pages		= {239--256},
	url 		= {http://www.stanford.edu/class/cs273/refs/icp.pdf}
}

@InProceedings{ Curless96,
	author		= {Brian Curless and Marc Levoy},
	title		= {{A Volumetric Method for Building Complex Models from Range Images}},
	journal		= {Computer Graphics (SIGGRAPH 96)},
	year		= {1996},
	url 		= {http://graphics.stanford.edu/papers/volrange}
}

@InProceedings{ Kohlhepp04,
	author		= {Peter Kohlhepp and Paola Pozzo and Marcus Walther and R\"udiger Dillmann},
	title		= {{Sequential 3D-SLAM for mobile action planning}},
	journal		= {2004 IEEE/RSJ International Conference on Intelligent Robots and Systems},
	year		= {2004}
}

@InProceedings{ Weingarten05,
	author		= {Jan Weingarten and Roland Siegwart},
	title		= {{EKF-based 3D SLAM for Structured Environment Reconstruction}},
	journal		= {Intelligent Robots and Systems, 2005. (IROS 2005). 2005 IEEE/RSJ International Conference on},
	year		= {2005},
	pages		= {3834--3839},
	url 		= {http://asl.epfl.ch/aslInternalWeb/ASL/publications/uploadedFiles/weingarten\_iros2005.pdf}
}

@InProceedings{ Rusu09ICAR,
	author		= {Radu Bogdan Rusu and Wim Meeussen and Sachin Chitta and Michael Beetz},
	title		= {{Laser-based Perception for Door and Handle Identification}},
	booktitle	= {Proceedings of the International Conference on Advanced Robotics (ICAR)},
	month		= {June 22-26},
	year		= {2009},
	address		= {Munich, Germany},
	note		= {Best paper award.},
	url 		= {http://files.rbrusu.com/publications/Rusu09ICAR.pdf}
}

@Book{ Ljung99,
	author		= {Lennart Ljung},
	title		= {{System Identification: Theory for the User}},
	publisher	= {Prentice Hall},
	year		= {1999},
	edition		= {{Second}}
}

@Book{ Khalil02,
	author		= {Hassan K. Khalil},
	title		= {{Nonlinear Systems}},
	publisher	= {{Prentice Hall, Inc.}},
	year		= {2002},
	edition		= {{Third}}
}

@Unpublished{ Rusu05RobotuxLyapunov,
	author		= {Radu Bogdan Rusu and Marius Borodi},
	title		= {{On Computing Robust Controllers for Mobile Robot Trajectory Calculus: Lyapunov}},
	year		= {2005},
	note		= {{Unpublished technical report}},
	url 		= {http://files.rbrusu.com/publications/Rusu05RobotuxLyapunov.pdf}
}

@InProceedings{ Sights06,
	author		= {G. Ahuja and H.R. Everett and G. Kogut and E.B. Pacis and B. Sights},
	title		= {{An Adaptive Localization System for Outdoor/Indoor Navigation for Autonomous Robots}},
	booktitle	= {{SPIE Proceedings 6230: Unmanned Systems Technology VIII, Defense \& Security Symposium}},
	month		= {April},
	year		= {2006},
	url 		= {http://www.spawar.navy.mil/robots/pubs/SPIE06\_6230-84.pdf}
}

@Article{ Busse03adaptiveEKF,
	author		= {Franz D. Busse and Jonathan P. How and James Simpson},
	title		= {{Demonstration of Adaptive Extended Kalman Filter for Low Earth Orbit Formation Estimation Using CDGPS}},
	journal		= {{Journal of the Institute of Navigation}},
	year		= {2003},
	volume		= {50},
	pages		= {79--94}
}

@Article{ Mehra72,
	author		= {Raman K. Mehra},
	title		= {{Approaches to Adaptive Filtering}},
	journal     = {{IEEE Transactions on Automatic Control}},
	month		= {October},
	year		= {1972}
}

@InProceedings{ Oussalah00,
	author		= {M. Oussalah and J. de Schutter},
	title		= {{Adaptive Kalman Filter for Noise Identification}},
	booktitle	= {{International Conference on Noise and Vibration Engineering}},
	year		= {2000},
	url 		= {http://www.isma-isaac.be/publications/PMA\_MOD_publications/ISMA25/p1225p1232.pdf}
}

@InProceedings{ Lapierre06,
	author		= {L. Lapierre and D. Soetanto and A. Pascoal},
	title		= {{Non-Singular Path-Following Cotnrol of a Unicycle in the Presence of Parametric Modeling Uncertainties}},
	booktitle	= {{International Journal of Robust and Nonlinear Control}},
	year		= {2006}
}

@Article{ Lapierre07,
	author		= {Lapierre, Lionel and Zapata, Rene and Lepinay, Pascal},
	title		= {{Combined Path-following and Obstacle Avoidance Control of a Wheeled Robot}},
	journal		= {{International Journal of Robotics Research}},
	volume		= {26},
	number		= {4},
	year		= {2007},
	issn		= {0278-3649},
	pages		= {361--375},
	doi 		= {http://dx.doi.org/10.1177/0278364907076790},
	publisher	= {Sage Publications, Inc.},
	address		= {Thousand Oaks, CA, USA}
}

@InProceedings{ Abbeel-RSS-05,
	author		= {Pieter Abbeel and Adam Coates and Michael Montemerlo and Andrew Y. Ng and Sebastian Thrun},
	title		= {{Discriminative Training of Kalman Filters}},
	booktitle	= {{Proceedings of Robotics: Science and Systems}},
	year		= {2005},
	address		= {Cambridge, USA},
	month		= {June},
	url 		= {http://ai.stanford.edu/\~pabbeel//pubs/ACMNT\_dtokf\_RSS2005.pdf}
}

@Article{ Novel95,
	author		= {d'Andr\'{e}a-Novel, B. and Campion, G. and Bastin, G.},
	title		= {{Control of nonholonomic wheeled mobile robots by state feedback linearization}},
	journal		= {{International Journal of Robotics Research}},
	volume		= {14},
	number		= {6},
	year		= {1995},
	issn		= {0278-3649},
	pages		= {543--559},
	doi 		= {http://dx.doi.org/10.1177/027836499501400602},
	publisher	= {Sage Publications, Inc.},
	address		= {Thousand Oaks, CA, USA}
}

@Misc{ MicaelliLyapunov93,
	author		= {Alain Micaelli and Claude Samson},
	title		= {{Trajectory Tracking for Unicycle-Type and Two-Steering-Wheels Mobile Robots}},
	year		= {1993}
}

@InProceedings{ Lapierre07auv,
	author		= {Lionel Lapierre and Didik Soetanto},
	title		= {{Nonlinear path-following control of an AUV}},
	booktitle	= {{Ocean Engineering}},
	year		= {2007}
}

@Book{ Simon06OptimalEstimation,
	author 		= {Dan Simon},
	title 		= {{Optimal State Estimation}},
	publisher 	= {{John Wiley \& Sons, Inc.}},
	year 		= {2006},
	edition 	= {{First}}
}

@TechReport{ Kelly_1994_338,
	author		= {Alonzo Kelly},
	title		= {{A 3D State Space Formulation of a Navigation Kalman Filter for Autonomous Vehicles}},
	institution	= {{Robotics Institute}},
	month		= {May},
	year		= {1994},
	number		= {CMU-RI-TR-94-19},
	address		= {{Pittsburgh, PA}}
}

@TechReport{ Kelly_1994_333,
	author		= {Alonzo Kelly},
	title		= {{Essential Kinematics for Autonomous Vehicles}},
	booktitle	= {},
	institution	= {{Robotics Institute}},
	month		= {May},
	year		= {1994},
	number		= {CMU-RI-TR-94-14},
	address		= {{Pittsburgh, PA}}
}

@TechReport{ Everett02,
	author		= {H.R. Everett and R.T. Laird and M.R. Blackburn},
	title		= {{After Action Report to the Joint Program Office: Center for the Robotic Assisted Search and Rescue (CRASAR) Related Efforts at the World Trade Center}},
	institution	= {{Space and Naval Warfare Systems Center, San Diego}},
	month		= {August},
	year		= {2002},
	url 		= {http://www.spawar.navy.mil/robots/pubs/td3141.pdf}
}

@TechReport{ CongressUGV06,
	author		= {United States Congress},
	title		= {{Report to Congress: Development and Utilization of Robotics and Unmanned Ground Vehicles}},
	institution	= {{Office of the Under Secretary of Defense, Acquisition, Technology and Logistics, Portfolio Systems Acquisition, Land Warfare and Munitions, Joint Ground Robotics Enterprise}},
	month		= {October},
	year		= {2006},
	url 		= {http://www.ndia.org/Divisions/Divisions/Robotics/Documents/Content/ContentGroups/Divisions1/Robotics/JGRE\_UGV\_FY06\_Congressional\_Report.pdf}
}

@TechReport{ PowellMOCU08,
	author		= {Darren Powell and Mike Bruch and Gary Gilbreath},
	title		= {{Multi-Robot Operator Control Unit for Unmanned Systems}},
	institution	= {{Space and Naval Warfare Systems Center, San Diego}},
	month		= {August},
	year		= {2008},
	url 		= {http://www.spawar.navy.mil/robots/pubs/DefenseTechBriefs\%20-\%20MOCU\%202008\%2008\%2001.pdf}
}

@TechReport{ RoweJAUS08,
	author		= {Steve Rowe and Chistopher R. Wagner},
	title		= {{An Introduction to the Joint Architecture for Unmanned Systems (JAUS)}},
	institution	= {{Cybernet Systems Corporation}},
	month		= {May},
	year		= {2008},
	url 		= {http://www.openskies.net/papers/07F-SIW-089\%20Introduction\%20to\%20JAUS.pdf}
}

@Article{ Orderud05,
	author		= {Fredrik Orderud},
	title		= {{Comparison of Kalman Filter Estimation Approaches for State Space Models with Nonlinear Measurements}},
	journal		= {Scandinavian Conference on Simulation and Modeling},
	year		= {2005}
}

@Article{ ChungOjeda01,
	author		= {Hakyoung Chung and Lauro Ojeda and Johann Borenstein},
	title		= {{Accurate Mobile Robot Dead-reckoning With a Precision-calibrated Fiber Optic Gyroscope}},
	journal		= {{IEEE Transactions on Robotics and Automation}},
	volume		= {17},
	number		= {1},
	year		= {2001},
	pages		= {80--84}
}

@Article{ ZeiglerNichols42,
	author		= {John G. Ziegler and Nathaniel B. Nichols},
	title		= {{Optimum Settings for Automatic Controllers}},
	journal		= {{ASME Transactions on Dynamic Systems, Measurement, and Control}},
	year		= {1942},
	volume		= {62},
	pages		= {759--768}
}

@InProceedings{ Aicardi94,
	author		= {Aicardi, M. and Casalino, G. and Bicchi, A. and Balestrino, A.},
	title		= {{Closed Loop Smooth Steering of Unicycle-Like Vehicles}},
	booktitle   = {{33rd Conference on Decision and Control}},
	pages		= {2455--2458},
	year		= {1994}
}

@Article{ Aicardi_UnicycleLyapunov95,
	author		= {Aicardi, M. and Casalino, G. and Bicchi, A. and Balestrino, A.},
	title		= {{Closed Loop Steering of Unicycle-Like Vehicles via Lyapunov Techniques}},
	journal		= {{IEEE Robotics and Automation Magazine}},
	volume		= {2},
	pages		= {27--35},
	year		= {1995},
	month		= {March}
}

@Article{ Merwe04sigma-pointNavigation,
    author      = {Rudolph van der Merwe and Eric A. Wan and Simon I. Julier},
    title       = {{Sigma-Point Kalman Filters for Nonlinear Estimation and Sensor-Fusion}},
    journal     = {{AIAA Guidance, Navigation \& Control Conference}},
    pages       = {16--19},
    year        = {2004}
}

@Book{ Gelb74,
	editor      = {Arthur Gelb},
	title		= {{Applied Optimal Estimation}},
	publisher	= {The M.I.T. Press},
	year		= {1974},
	edition		= {{First}}
}

@Book{ AndersonMoore79,
	author		= {Brian D.O. Anderson and John B. Moore},
	title		= {{Optimal Filtering}},
	publisher	= {Dover Publications},
	year		= {1979},
	edition		= {{First}}
}

@Article{ Denewiler_AUMS09,
    author      = {Wills, M. and Ciccimaro, D. and Yee, S. and Denewiler, T. and Stroumtsos, N. and Messamore, J. and Brown, R. and Skibba, B. and Clapp, D. and Wit, J. and Shirts, R.J. and Dion, G.N. and G.S. Anselmo},
    title       = {{Joint Collaborative Technology Experiment}},
    journal     = {{SPIE Proc. 7332: Unmanned Systems Technology XI}},
    year        = {2009}
}

@Article{ Denewiler_AUMS1-06,
    author      = {Mullens, K. and Burmeister, A. and Wills, M. and Nelson, T. and and T. Denewiler},
    title       = {{Development of a UGV-mounted Automated Refueling System for VTOL UAVs}},
    journal     = {{SPIE Proc. 6230: Unmanned Systems Technology VIII, Defense \& Security Symposium}},
    year        = {2006}
}

@Article{ Denewiler_AUMS2-06,
    author      = {Mullens, K. and Burmeister, A. and Wills, M. and Stroumstos, N. and Denewiler, T. and Pachura, J. and Prior, G. and B. Hawkins},
    title       = {{Automated Launch, Landing and Refueling Technologies for Increased UGV-UAV Effectiveness}},
    journal     = {{2006 International Joint Topic: 9th Emergency Preparedness and Response/11th Robotics and Remote Systems for Hazardous Environments}},
    year        = {2006}
}

@Article{ Denewiler_AUMS04,
    author      = {Mullens, K. and Burmeister, A. and Wills, M. and Stroumtsos, N. and Denewiler, T. and Thomas, K. and S. Stancliff},
    title       = {{Automated Launch, Recovery, and Refueling for Small Unmanned Aerial Vehicles}},
    journal     = {{SPIE Proc. 5609: Mobile Robots XVII}},
    year        = {2004}
}

@Article{ Denewiler_MDARS04,
    author      = {Carroll, D. and Mikell, K. and T. Denewiler},
    title       = {{Unmanned Ground Vehicles for Integrated Force Protection}},
    journal     = {{SPIE Proc. 5422: Unmanned Ground Vehicle Technology VI}},
    year        = {2004}
}

@Article{ Denewiler_AUMS03,
    author      = {Mullens, K.D. and Pacis, E.B. and Stancliff, S.B. and Burmeister, A.B. and Denewiler, T.A. and Bruch, M.H. and H.R. Everett},
    title       = {{An Automated UAV Mission System}},
    journal     = {{AUVSI Unmanned Systems in International Security 2003 (USIS 03)}},
    year        = {2003}
}

@Article{ Denewiler_NERD02,
    author      = {Thomas A. Denewiler and Robin T. Laird},
    title       = {{NERD: Network Enabled Resource Device}},
    journal     = {{Association of Unmanned Vehicle Systems International 2002 Conference}},
    year        = {2002}
}

@InProceedings{ ParkinsonHeadingEstimation01,
	author		= {D. Gebre-Egziabher and G. H. Elkaim and J. D. Powell and B. W. Parkinson},
	title		= {{A non-linear, two-step estimation algorithm for calibrating solid-state strapdown magnetometers}},
	booktitle	= {{8th International St. Petersburg Conference on Navigation Systems}},
	pages		= {28--30},
	year		= {2001}
}

@Article{ Simon10,
    author      = {Dan Simon},
    title       = {{Kalman Filtering With State Constraints: A Survey of Linear and Nonlinear Algorithms}},
    journal     = {{Control Theory and Applications, IET}},
    volume      = {4},
    number      = {8},
    pages       = {1303--1318},
    issn        = {1751-8644},
    doi         = {10.1049/iet-cta.2009.0032},
    year        = {2010}
}

@Article{ deCallafonGRA08,
    author      = {R. A. de Callafon and B. Moaveni and J. P. Conte and X. He and E. Udd},
    title       = {{General Realization Algorithm for Modal Identification of Linear Dynamic Systems}},
    journal     = {{Journal of Engineering Mechanics}},
    volume      = {134},
    number      = {9},
    pages       = {712--722},
    issn        = {0733-9399},
    doi         = {10.1061/(ASCE)0733-9399(2008)134:9(712)},
    year        = {2008}
}

@Article{ SakaiKuroda10,
    author      = {Atsushi Sakai and Yoji Kuroda},
    title       = {{Discriminatively Trained Unscented Kalman Filter for Mobile Robot Localization}},
    journal     = {{Journal of Advanced Research in Mechanical Engineering}},
    volume      = {1},
    number      = {3},
    pages       = {153--161},
    year        = {2010}
}

@Book{ BeerJohnston97,
	author		= {Ferdinand Beer and E. Russell Johnston},
	title		= {{Vector Mechanics for Engineers: Statics and Dynamics}},
	publisher	= {McGraw-Hill},
	year		= {1997},
	edition		= {{Sixth}}
}

@Book{ Gillespie92,
	author		= {Thomas Gillespie},
	title		= {{Fundamentals of Vehicle Dynamics}},
	publisher	= {Society of Automotive Engineers},
	year		= {1992},
	edition		= {{First}}
}

@Book{ Dorf01,
	author		= {Richard Dorf and Robert Bishop},
	title		= {{Modern Control Systems}},
	publisher	= {Prentice-Hall},
	year		= {2001},
	edition		= {{Ninth}}
}

@Book{ Rajamani06,
	author		= {Rajesh Rajamani},
	title		= {{Vehicle Dynamics and Control}},
	publisher	= {Springer},
	year		= {2006},
	edition		= {{First}}
}

@Book{ Kuo03,
	author		= {Benjamin Kuo and Farid Golnaraghi},
	title		= {{Automatic Control Systems}},
	publisher	= {Wiley},
	year		= {2003},
	edition		= {{Eighth}}
}

@Book{ Kirk98,
	author		= {Donald E. Kirk},
	title		= {{Optimal Control Theory}},
	publisher	= {Dover},
	year		= {1998},
	edition		= {{First}}
}

@Book{ Bardi08,
	author		= {Martino Bardi and Italo Capuzzo-Dolcetta},
	title		= {{Optimal Control and Viscosity Solutions of Hamilton-Jacobi-Bellman Equations}},
	publisher	= {Birkh\"{a}user},
	year		= {2008},
	edition		= {{First}}
}

@Book{ Norris97,
	author		= {J.R. Norris},
	title		= {{Markov Chains}},
	publisher	= {Cambridge University Press},
	year		= {1997},
	edition		= {{First}}
}

@Book{ Strook05,
	author		= {Daniel W. Strook},
	title		= {{An Introduction to Markov Processes}},
	publisher	= {Springer},
	year		= {2005},
	edition		= {{First}}
}

@Book{ Isaacs65,
	author		= {Rufus Isaacs},
	title		= {{Differential Games}},
	publisher	= {Dover},
	year		= {1965},
	edition		= {{First}}
}

@Article{ Gulati08,
    author      = {Shilpa Gulati and Benjamin Kuipers},
    title       = {{High Performance Control for Graceful Motion of an Intelligent Wheelchair}},
    journal     = {{IEEE International Conference on Robotics and Automation}},
    pages       = {3932--3938},
    year        = {2008}
}

@Article{ Bibuli09,
    author      = {Marco Bibuli and Gabriele Bruzzone and Massimo Caccia and Lionel Lapierre},
    title       = {{Path-Following Algorithms and Experiments for an Unmanned Surface Vehicle}},
    journal     = {{Journal of Field Robotics}},
    volume      = {26},
    issue       = {8},
    pages       = {669--688},
    year        = {2009}
}

@Article{ Koifman99,
    author      = {M. Koifman and I. Y. Bar-Itzhack},
    title       = {{Inertial Navigation System Aided by Aircraft Dynamics}},
    journal     = {{IEEE Transactions on Control Systems Technology}},
    volume      = {7},
    number      = {4},
    month       = {July},
    year        = {1999},
    pages       = {487--493}
}

@Article{ Sukkarieh99,
    author      = {Salah Sukkarieh and Eduardo M. Nebot and Hugh F. Durrant-Whyte},
    title       = {{A High Integrity IMU/GPS Navigation Loop for Autonomous Land Vehicle Applications}},
    journal     = {{IEEE Transactions on Robotics and Automation}},
    volume      = {15},
    number      = {3},
    month       = {June},
    year        = {1999},
    pages       = {572--578}
}

@Article{ Dissanayake01,
    author      = {Gamini Dissanayake and Sala Sukkarieh and Eduardo Nebot and Hugh Durrant-Whyte},
    title       = {{The Aiding of a Low-Cost Strapdown Inertial Measurement Unit Using Vehicle Model Constraints for Land Vehicle Applications}},
    journal     = {{IEEE Transactions on Robotics and Automation}},
    volume      = {17},
    number      = {5},
    month       = {October},
    year        = {2001},
    pages       = {731--747}
}

@Article{ Bryson04,
    author      = {Mitch Bryson and Salah Sukkarieh},
    title       = {{Vehicle Model Aided Inertial Navigation for a UAV using Low-cost Sensors}},
    journal     = {{Australasian Conference on Robotics and Automation}},
    year        = {2004}
}

@Article{ Simon02,
    author      = {Dan Simon and Tien Li Chia},
    title       = {{Kalman Filtering with Sttate Equality Constraints}},
    journal     = {{IEEE Transactions on Aerospace and Electronic Systems}},
    volume      = {39},
    month       = {January},
    year        = {2002},
    pages       = {128--136}
}

@Article{ Larson07,
    author      = {J. Larson and M. Bruch and R. Halterman and J. Rogers and R. Webster},
    title       = {{Advances in Autonomous Obastacle Avoidance for Unmanned Surface Vehicles}},
    journal     = {{AUVSI Unmanned Systems North America}},
    month       = {August},
    year        = {2007}
}

@Article{ Larson06,
    author      = {J. Larson and J. Ebken and M. Bruch},
    title       = {{Autonomous Navigation and Obastacle Avoidance for Unmanned Surface Vehicles}},
    journal     = {{SPIE Proceedings: Unmanned Systems Technology VIII, Defense \& Security Symposium}},
    month       = {April},
    year        = {2006}
}

@Article{ Bruch05,
    author      = {M. Bruch and J. Lum and S. Yee and N. Tran},
    title       = {{Advances in Autonomy for Small UGVs}},
    journal     = {{SPIE Proceedings: Unmanned Systems Technology VII}},
    month       = {March},
    year        = {2005}
}

@Article{ Ebken05,
    author      = {J. Ebken and M. Bruch and J. Lum},
    title       = {{Applying Unmanned Ground Vehicle Technologies to Unamnned Surface Vehicles}},
    journal     = {{SPIE Proceedings: Unmanned Systems Technology VII}},
    month       = {March},
    year        = {2005}
}

@Article{ Bruch02,
    author      = {M. Bruch and G. Gilbreath and J. Muelhauser and J. Lum},
    title       = {{Accurate Waypoint Navigation Using Non-differential GPS}},
    journal     = {{AUVSI Unmanned Systems}},
    month       = {July},
    year        = {2002}
}

@Article{ Bruch00,
    author      = {M. Bruch and R. Laird and H. R. Everett},
    title       = {{Challenges for Deploying Man-Portable Robots into Hostile Environments}},
    journal     = {{SPIE Proceedings: Mobile Robots XV}},
    month       = {November},
    year        = {2000}
}

@Book{ Grewal08,
	author		= {Mohinder S. Grewal and Angus P. Andrews},
	title		= {{Kalman Filtering: Theory and Practice Using \textsc{Matlab}}},
	publisher	= {{John Wiley and Sons, Inc.}},
	year		= {2008},
	edition		= {{Third}},
	isbn		= {978-0-470-17366-4}
}

@Article{ KimLyapunov05,
    author      = {Youngshik Kim and Mark A. Minor},
    title       = {{Bounded Smooth Time Invariant Motion Control of Unicycle Kinematic Models}},
    journal     = {{IEEE International Conference on Robotics and Automation}},
    month       = {April},
    year        = {2005},
    pages       = {3676--3681}
}

@Book{ ThrunProbRobots06,
	author		= {Sebastian Thrun and Wolfram Burgard and Dieter Fox},
	title		= {{Probabilistic Robotics}},
	publisher	= {{The MIT Press}},
	year		= {2006},
	edition		= {{First}},
	isbn		= {978-0-262-20162-9}
}

@Article{ Hogg02,
    author      = {R. W. Hogg and A. L. Rankin},
    title       = {{Algorithms and Sensors for Small Robot Path Following}},
    journal     = {{IEEE Conference on Robotics and Automation}},
    month       = {May},
    year        = {2002}
}

@Article{ Shiller91dynamicmotion,
    author      = {Zvi Shiller and Yu-rwei Gwo},
    title       = {{Dynamic Motion Planning of Autonomous Vehicles}},
    journal     = {{IEEE Transactions on Robotics and Automation}},
    year        = {1991},
    volume      = {7},
    pages       = {241--249}
}

@Article{ KalmanOriginal60,
    author      = {Rudolph Emil Kalman},
    title       = {{A New Approach to Linear Filtering and Prediction Problems}},
    journal     = {{Transactions of the ASME--Journal of Basic Engineering}},
    volume      = {82},
    number      = {Series D},
    pages       = {35--45},
    year        = {1960}
}

@Article{ KalmanBucy61,
    author      = {R. E. Kalman and R. S. Bucy},
    title       = {{New results in linear filtering and prediction theory}},
    journal     = {{Transactions of the ASME. Series D, Journal of Basic Engineering}},
    pages       = {95--107},
    volume      = {83},
    year        = {1961}
}

@Book{ Phadke99,
	author		= {Arun G. Phadke},
	title		= {{Handbook of Electrical Engineering Calculations}},
	publisher	= {{CRC Press}},
	year		= {1999},
	edition		= {{First}},
	isbn		= {978-0824719555}
}

@Article{ Burgard09,
    author      = {Boris Lau and Christoph Sprunk and Wolfram Burgard},
    title       = {{Kinodynamic Motion Planning for Mobile Robots Using Splines}},
    journal     = {{IEEE/RSJ International Conference on Intelligent Robots and Systems}},
    pages       = {2427--2433},
    year        = {2009}
}

@Article{Negahdaripour,
  author  = {Negahdaripour, S. and Madjidi, H.},
  journal = {OCEANS 2003. Proceedings},
  title   = {Robust optical flow estimation using underwater color images},
  volume  = {4},
  pages   = {2309--2316},
  year    = {2003}
}

@Article{Majidi06,
  author  = {Madjidi, Hossein and Negahdaripour, Shahriar},
  title   = {On robustness and localization accuracy of optical flow computation for underwater color images},
  journal = {Computer Vision Image Understanding},
  volume  = {104},
  number  = {1},
  pages   = {61--76},
  year    = {2006}
}

@Article{ Kearney87,
  author  = {J.K. Kearney, W.B. Thompson, D.L. Boley},
  title   = {Optical flow estimation: an error analysis of gradient-based methods with local optimization},
  journal = {IEEE Pattern Analysis Machine Intelligence},
  volume  = {9},
  number  = {2},
  year    = {1987}
}

@Article{ Barron02,
  author  = {J.L. Barron, R. Klette},
  title   = {Quantitative color optical flow},
  journal = {Proc. ICPR},
  year    = {2002}
}

@Article{ Barron94,
  author  = {J.L. Barron, D.J. Fleet and S.S. Beauchemin},
  title   = {Performance of optical flow techniques},
  journal = {International  Journal of Computer Vision},
  volume  = {12},
  number  = {1},
  year    = {1994}
}

@Article{ Hildreth80,
  author  = {E. Hildreth},
  title   = {Measurement of Visual Motion},
  journal = {MIT Press},
  year    = {1980}
}

@Book{ Strang03,
  author    = {Gilbert Strang},
  title     = {{Introduction to Linear Algebra}},
  publisher = {Wellesley-Cambridge Press},
  year      = {2003},
  edition   = {{Third}}
}

@Book{ Strang97,
  author    = {Gilbert Strang and Kai Borre},
  title     = {{Linear Algebra, Geodesy, and GPS}},
  publisher = {{Siam}},
  year      = {1997}
}

@Book{ Bronson07,
  author    = {Richard Bronson and Gabriel B. Costa},
  title     = {{Linear Algebra}},
  publisher = {{Academic Press}},
  year      = {2007},
  edition   = {{Second}},
  isbn      = {9780120887842}
}

@Book{ Hartley03,
  author    = {Richard Hartley and Andrew Zisserman},
  title     = {{Multiple View Geometry in Computer Vision}},
  publisher = {{Cambridge University Press}},
  year      = {2003},
  edition   = {{Second}},
  isbn      = {0521540518}
}

@Book{ Gopal93,
  author = {M. Gopal},
  title  = {{Modern Control System Theory}},
  year   = {1993},
}

@Article{ Weng92,
  author    = {J. Weng and T.S. Huang and N. Ahuja},
  title     = {{Motion and Structure from Line Correspondences; Closed-Form Solution, Uniqueness, and Optimization}},
  journal   = {{IEEE Transactions on Pattern Analysis and Machine Intelligence}},
  volume    = {14},
  number    = {3},
  issn      = {0162-8828},
  year      = {1992},
  pages     = {318-336},
  doi       = {http://doi.ieeecomputersociety.org/10.1109/34.120327},
  publisher = {{IEEE Computer Society}},
  address   = {{Los Alamitos, CA, USA}},
}

@Article{ Forstner87,
  author  = {W. F\"orstner and E. Gulch},
  title   = {{A Fast Operator for Detection and Precise Location of Distinct Points, Corners and Centres of Circular Features}},
  journal = {{ISPS Intercommission Workshop, Interlaken}},
  year    = {1987},
  pages   = {281-305}
}

@Book{ Ma06,
  author    = {Yi Ma and Stefano Soatto and Jana Ko\v{s}eck\'{a} and S. Shankar Sastry},
  title     = {{An Invitation to 3-D Vision}},
  publisher = {Springer},
  year      = {2006}
}

@Misc{ Belongie04,
  author = {Serge Belongie},
  title  = {{CSE 252B: Computer Vision 2, Lecture Notes}},
  note   = {http://www.cse.ucsd.edu/classes/sp04/cse252b},
  year   = {2004}
}

@Book{ Brannan99,
  author    = {Brannan, D.A. and Esplen, M.F. and Gray, J.J.},
  title     = {Geometry},
  publisher = {Cambridge University Press},
  year      = {1999},
  edition   = {{First}}
}

@Misc{ Halterman09,
  author = {Ryan Halterman},
  title  = {{Thoughts on Efficiently Transforming Velodyne HDL-64E LIDAR Data Coordinate Frames}},
  note   = {Fill in intranet address to paper here.},
  year   = {2009},
}

@Article{ Rusu08,
  author  = {Radu Bogdan Rusu and Zoltan Csaba Marton and Nico Blodow and Mihai Dolha and Michael Beetz},
  title   = {{Towards 3D Point Cloud Based Object Maps for Household Environments}},
  journal = {Robotics and Autonomous Systems Journal (Special Issue on Semantic Knowledge)},
  year    = {2008},
  url     = {http://files.rbrusu.com/publications/Rusu08RAS-Semantic.pdf}
}

@Article{ Arfaee09,
  author  = {A Arfaee and A Irturk and F Fallah and R Kastner},
  title   = {{Xquasher: A Tool for Efficient Computation of Multiple Linear Expressions}},
  journal = {Design Automation Conference (DAC)},
  year    = {2009},
}

@Article{ Kastner09,
  author  = {Ryan Kastner and Farzan Fallah and Anup Hosangadi},
  title   = {{Arithmetic Optimization Techniques for Hardware and Software Design}},
  journal = {Cambridge University Press},
  year    = {2010},
}

@Article{ Hosangadi07,
  author  = {Anup Hosangadi and Farzan Fallah and Ryan Kastner},
  title   = {{Algebraic Methods for Optimizing Constant Multiplications in Linear Systems}},
  journal = {Springer Journal of VLSI Signal Processing},
  volume  = {49},
  issue   = {1},
  pages   = {31-50},
  year    = {2007},
}

@Article{ Hosangadi04,
  author  = {Anup Hosangadi and Farzan Fallah and Ryan Kastner},
  title   = {{Common Subexpression Elimination Involving Multiple Variables for Linear DSP Synthesis}},
  journal = {International Conference on Application-specific Systems, Architectures and Processors},
  year    = {2004},
}

@Article{ Hosangadi05,
  author  = {Anup Hosangadi and Farzan Fallah and Ryan Kastner},
  title   = {{Reducing Hardware Complexity of Linear DSP Systems by Iteratively Eliminating Two Term Common Subexpressions}},
  journal = {Asia South Pacific Design Automation Conference (ASP-DAC)},
  year    = {2005},
}

@Article{ Hosangadi06,
  author  = {Anup Hosangadi and Farzan Fallah and Ryan Kastner},
  title   = {{Optimizing High Speed Arithmetic Circuits Using Three Term Extraction}},
  journal = {Design, Automation and Test in Europe Conference (DATE)},
  year    = {2006},
}

@Article{ Mirzaei06,
  author  = {Shahnam Mirzaei and Anup Hosangadi and Ryan Kastner},
  title   = {{FPGA Implementation of High Speed FIR Filter Using Add and Shift Method}},
  journal = {International Conference on Computer Design (ICCD)},
  year    = {2006},
}

@Article{ Benson09,
  author  = {Bridget Benson and Junguk Cho and Deborah Goshorn and Ryan Kastner},
  title   = {{Field Programmable Gate Array (FPGA) Based Fish Detection Using Haar Classifiers)}},
  journal = {American Academy of Underwater Sciences},
  year    = {2009},
}

@Article{ equalization,
  author  = {J Cho and S Jin and XD Pham and D Kim and JW Jeon},
  title   = {{ A Smart Camera for Real-Time Visual Tracking Using Adaptive Color Histograms}},
  journal = {IEEE Transactions on Circuits and Systems for Video Technology},
  year    = {in press},
}

@Article{ tracking,
  author  = {J Cho and S Jin and XD Pham and D Kim and JW Jeon},
  title   = {{ An FPGA-Based Real-Time Multiple Objects Tracking System Using PArticle Filters}},
  journal = {IEEE Transactions on Circuits and Systems for Video Technology},
  year    = {in press},
}

@Article{ color,
  author  = {J Cho and B Benson and S Cheamanukul and R Kastner},
  title   = {{ Increased Performance of an FPGA-Based Color Classification System}},
  journal = {IEEE International Symposium on Field-Programmable Custom Computing Machines (FCCM)},
  year    = {2010},
}

@Article{ Cho09,
  author  = {Jung Uk Cho and Ryan Kastner and Shahnam Mirzaei and Jason Oberg},
  title   = {{FPGA-Based Face Detection System Using Haar Classifiers}},
  journal = {International Symposium on Field Programmable Gate Arrays (FPGA)},
  year    = {2009},
}

@Article{ Cho09-2,
  author  = {Jung Uk Cho and Bridget Benson and Shahnam Mirzaei and Ryan Kastner},
  title   = {{Parallelized Architecture of Multiple Classifiers for Face Detection}},
  journal = {IEEE International Conference on Application-specific Systems, Architectures and Processors (ASAP)},
  year    = {2009},
}

@Article{ Cho09-3,
  author  = {Jung Uk Cho and Bridget Benson and Ryan Kastner},
  title   = {{Hardware Acceleration of Multi-view Face Detection}},
  journal = {IEEE Symposium on Application Specific Processors (SASP)},
  year    = {2009},
}

@Article{ Benson09-2,
  author  = {Bridget Benson and Arash Arfaee and Choon Kim and  Ryan Kastner and Rajesh Gupta},
  title   = {{Integrating Embedded Computing Systems into High School and Early Undergraduate Education}},
  journal = {International Conference on Microelectronic Systems Education (MSE)},
  year    = {2009},
}

@Misc{ cosmos,
  title   = {{COSMOS - California State Summer School for Mathematics and Science Website}},
  journal = {http://www.jacobsschool.ucsd.edu/cosmos/},
  year    = {2009},
}

@Article{ Wisecaver09,
  author  = {Paul Wisecaver and Chris Barngrover and Kevin Chen and Thomas Denewiler and Nima Ghods and Amir Gonzalez and Andrew             Meares and Greg Mills and Gideon Prior and Conrad Salinas and Bryan Urquart and Jenny Wise},
  title   = {{Design of the 2009 Stingray Autonomous Underwater Vehicle}},
  journal = {AUVSI AUV Competition},
  year    = {2009},
}

@Article{ Miller08,
  author  = {Dan Miller and Chris Boynton and Thomas Denewiler and Nima Ghods and Amir Gonzales and Michael Gordon and Andrew Meares and Greg Mills and Gideon Prior and Conrad Salinas and Bryan Urquhart and James Whiteside and Jenny Wise and Paul Wisecaver},
  title   = {{The Design and Implementation of the 2008 Stingray}},
  journal = {AUVSI AUV Competition},
  year    = {2008},
}

@Article{ cornellAUV,
  author  = {{University of Cornell}},
  title   = {{Autonomous Underwater Vehicle Team Website}},
  journal = {http://cuauv.ece.cornell.edu/},
  year    = {2009},
}

@Misc{ seaglider,
  author  = {{University of Washington Applied Physics Laboratory}},
  title   = {{Seaglider Website}},
  journal = {http://www.apl.washington.edu/projects/seaglider/summary.html},
  year    = {2009},
}

@Article{ subjugator,
  author  = {{University of Florida}},
  title   = {{Subjugator Website}},
  journal = {http://subjugator.org/},
  year    = {2009},
}

@Article{ iver2,
  author  = {Ocean Server},
  title   = {{Iver2 AUV Website}},
  journal = {http://www.oceanserver-store.com/iver2auv.html},
  year    = {2009},
}

@Misc{ auvsicontest,
  title   = {{AUVSI and ONR's 12th International Autonomous Underwater Vehicle Competition}},
  journal = {http://www.auvsi.org/foundation/competitions/robosub},
  year    = {2009},
}

@Article{ gfp-1,
  author  = {Erin K Bomati and Gerard Manning and Dimitri D Deheyn},
  title   = {{Amphioxus encodes the largest known family of green fluorescent proteins, which have diversified into distinct functional classes}},
  journal = {BMC Evolutionary Biology},
  year    = {2009},
}

@Article{ gfp-2,
  author  = {MV Matz and YA Labas and J Ugalde},
  title   = {{Evolution of function and color in GFP-like proteins}},
  journal = {Green fluorescent protein: properties, applications, and protocol},
  year    = {2009},
}

@Article{ gfp-3,
  author  = {SG Dove and O Hoegh-Guldberg and S Ranganathan},
  title   = {{ Major colour patterns of reef-building corals are due to a family of GFP-like proteins}},
  journal = {Coral Reefs},
  year    = {2001},
}

@Article{ gfp-4,
  author  = {JA Ugalde and BSW Chang and MV Matz},
  title   = {{ Evolution of coral pigments recreated}},
  journal = {Science },
  year    = {2004},
}

@Article{ Fu07,
  Author  = {Fu, Tricia and Doonan, Daniel and Utley, Chris and Benson, Bridget and Kastner, Ryan and Iltis, Ronald A. and Lee, Hua},
  Title   = {{AquaModem Field Tests in Moorea}},
  Journal = {ACM International Workshop on Underwater Networks},
  Year    = {2007} }

@Article{ iltis05,
  Author  = {Iltis, R. A. and Lee, H. and Kastner, R. and Doonan, D. and Fu, T. and Moore, R. and Chin, M.},
  Title   = {An Underwater Acoustic Telemetry Modem for Eco-Sensing},
  Journal = {Proceedings of MTS/IEEE Oceans},
  Year    = {2005} }

@Article{ lee06,
  Author  = {Lee, H. and Fu, T. and Doonan, D. and Utley, C. and Iltis, R. A. and Kastner, R.},
  Title   = {Design and Development of a Software-Defined Underwater Acoustic Modem for Sensor Networks for Environmental and Ecological Research},
  Journal = {Proceedings of MTS/IEEE Oceans},
  Year    = {2006}
}

@Article{ benson06,
  Author  = {Benson, Bridget and Chang, Grace and Manov, Derek and Graham, Brian and Kastner, Ryan},
  Title   = {Design of a Low-cost Acoustic Modem for Moored Oceanographic Applications},
  Journal = {ACM International Workshop on Underwater Networks},
  Year    = {2006}
}

@Article{ benson09-3,
  Author  = {Benson, Bridget and Irturk, Ali and Cho, Junguk and Kastner, Ryan},
  Title   = {Energy Benefits of Reconfigurable Hardware for Use in Underwater Sensor Nets},
  Journal = {IEEE Reconfigurable Architectures Workshop (RAW)},
  Year    = {May 2009}
}

@Article{ ying10,
  Author = {Li, Ying and Benson, Bridget and Kastner, Ryan and Zhang, Xing},
  Title = {Hardware Implementation of Symbol Synchronization for Underwater FSK},
  Journal={IEEE International Conference on Sensor Networks, Ubiquitous, and Trustworthy Computing},
  Year = {2010}
}

@Article{ ying09,
  Author  = {Li, Ying and Benson, Bridget and Kastner, Ryan and Zhang, Xing},
  Title   = {Bit Error Rate, Power and Area Analysis of Multiple Implementations of Underwater FSK},
  Journal = {International Conference on Engineering of Reconfigurable Systems and Algorithms (ERSA)},
  Year    = {July 2009}
}

@Misc{ creon,
  title   = {{Coral Reef Observatory Network (CREON) Website}},
  journal = {http://www.coralreefeon.org/},
}

@Article{ GulatiKuipersLyapunovWheelchair06,
  author  = {Shilpa Gulati and Benjamin Kuipers},
  title   = {{High Performance Control for Graceful Motion of an Intelligent Wheelchair}},
  journal = {{IEEE International Conference on Robotics and Automation}},
  pages   = {3932-3938},
  year    = {2006}
}

@Article{ Bibuli09,
  author  = {Marco Bibuli and Gabriele Bruzzone and Massimo Caccia and Lionel Lapierre},
  title   = {{Path-Following Algorithms and Experiments for an Unmanned Surface Vehicle}},
  journal = {{Journal of Field Robotics}},
  volume  = {26},
  issue   = {8},
  pages   = {669-688},
  year    = {2009}
}

@InProceedings{ Lapierre07auv,
  author    = {Lionel Lapierre and Didik Soetanto},
  title     = {{Nonlinear path-following control of an AUV}},
  booktitle = {{Ocean Engineering}},
  year      = {2007}
}

@Misc{ Micaelli93trajectorytracking,
  author = {Alain Micaelli and Alain Micaelli and Claude Samson and Claude Samson and Projet Icare},
  title  = {{Trajectory Tracking for Unicycle-Type and Two-Steering-Wheels Mobile Robots}},
  year   = {1993}
}

@Misc{ Walchko03,
  author = {Kevin Walchko and Dave Novick and Michael Nechyba},
  title  = {{Development of a Sliding Mode Control System with Extended Kalman Filter Estimation for Subjugator}},
  year   = {2003}
}

@Book{ Fossen94,
  author    = {Thor Fossen},
  title     = {{Guidance and Control of Ocean Vehicles}},
  publisher = {Wiley},
  year      = {1994}
}

@Article{ Silvestre04,
  author  = {C. Silvestre and A. Pascoal},
  title   = {{Control of the INFANTE AUV using gain scheduled output feedback}},
  journal = {{Control Engineering Practice}},
  volume  = {12},
  issue   = {12},
  pages   = {1501--1509},
  year    = {2004}
}

@Article{ Silvestre07,
  author  = {C. Silvestre and A. Pascoal},
  title   = {{Depth control of the INFANTE AUV using gain-scheduled reduced order output feedback}},
  journal = {{Control Engineering Practice}},
  volume  = {15},
  issue   = {7},
  pages   = {883--895},
  year    = {2007}
}

@Article{ deCallafonGRA08,
  author  = {R. A. de Callafon and B. Moaveni and J. P. Conte and X. He and E. Udd},
  title   = {{General Realization Algorithm for Modal Identification of Linear Dynamic Systems}},
  journal = {{Journal of Engineering Mechanics}},
  volume  = {134},
  number  = {9},
  pages   = {712--722},
  issn    = {0733-9399},
  doi     = {10.1061/(ASCE)0733-9399(2008)134:9(712)},
  year    = {2008}
}

@Article{ Remus,
  author        = {B Allen and R Stokey and T Austin and N Forrester and R Goldsborough and M Purcell and C von Alt},
  journal       = {MTS/IEEE Oceans},
  title         = {REMUS: a small, low cost AUV; system description, field trials and performance results},
  pages         = {994--1000},
  volume        = {2},
  year          = {1997},
  date-added    = {2010-10-06 18:43:58 -0700},
  date-modified = {2010-10-06 18:43:58 -0700},
  uri           = {papers://5B92C9BB-18AF-4756-A08F-C97EDDC5C32E/Paper/p196},
  rating        = {0}
}

@Article{ odyssey,
  author        = {S Desset and R Damus and F Hover and J Morash and V Polidoro},
  journal       = {MTS/IEEE Oceans},
  title         = {Closer to deep underwater science with ODYSSEY IV class hovering autonomous underwater vehicle (HAUV)},
  pages         = {758--762},
  volume        = {2},
  year          = {2005},
  date-added    = {2010-10-06 20:12:21 -0700},
  date-modified = {2010-10-06 20:12:21 -0700},
  uri           = {papers://5B92C9BB-18AF-4756-A08F-C97EDDC5C32E/Paper/p197},
  rating        = {0}
}

@Misc{ ros,
  author  = {{Willow Garage}},
  title   = {{ROS Website}},
  journal = {http://www.ros.org/wiki/}
}

@Misc{ cse145,
  title   = {{UCSD CSE145 Website}},
  journal = {http://www.cse.ucsd.edu/~kastner/teaching/cse145/}
}

@Misc{ 145stingray,
  title   = {{UCSD CSE145 Stingray Project Website}},
  journal = {http://www.stingray-auv.info/}
}

@Article{ AMADEUS97,
  author    = {Lane, D M and Davies, J B C and Casalino, G and Bartolini, G and Cannata, G and Veruggio, G and Canals, M and Smith, C and OʼBrien, D J and Pickett, M and et al.},
  title     = {{AMADEUS: Advanced Manipulation for Deep Underwater Sampling}},
  volume    = {4},
  url       = {http://ieeexplore.ieee.org/lpdocs/epic03/wrapper.htm?arnumber=637804},
  number    = {4},
  journal   = {{IEEE Robotics Automation Magazine}},
  publisher = {IEEE, Piscataway, NJ, USA},
  year      = {1997},
  pages     = {34--45}
}

@Misc{ uwsim,
  title   = {{UWSim: The UnderWater Simulator}},
  journal = {http://www.irs.uji.es/uwsim/}
}

@Misc{ TridentWebsite,
  title   = {{Trident Underwater Vehicles Project}},
  journal = {http://www.irs.uji.es/trident/index.html}
}

@Article{ RAUVI10,
  author   = {De Novi, G. and Melchiorri, C. and Garci´ anda, J.C. and Sanz, P.J. and Ridao, P. and Oliver, G.},
  journal  = {Aerospace and Electronic Systems Magazine, IEEE},
  title    = {{New approach for a Reconfigurable Autonomous Underwater Vehicle for Intervention}},
  year     = {2010},
  month    = {nov. },
  volume   = {25},
  number   = {11},
  pages    = {32 -36},
  keywords = {RAUVI;acoustic sensors;optic sensors;reconfigurable autonomous underwater vehicle;robotic arm;acoustic signal detection;manipulators;optical sensors;remotely operated vehicles;underwater vehicles;},
  doi      = {10.1109/MAES.2010.5638803},
  ISSN     = {0885-8985},
}

@Mastersthesis{ Denewiler11,
  author = {Thomas Denewiler},
  title  = {{Robot Traffic School: Improving Autonomous Navigation in EOD Robots}},
  school = {University of California, San Diego},
  year   = {2011}
}

@InProceedings{ Quigley09,
  author    = {M. Quigley and B. Gerkey and K. Conley and J. Faust and T. Foote and J. Leibs and E. Berger and R. Wheeler and A. Y. Ng},
  title     = {{ROS: an open-source Robot Operating System}},
  booktitle = {{ICRA Workshop on Open Source Software}},
  year      = {2009}
}

@Misc{ ROSMetrics0811,
  author = {Brian Gerkey and Ken Conley and Tully Foote},
  title  = {{ROS Community Metrics}},
  month  = {August},
  year   = {2011},
  url    = {http://www.ros.org/wiki/Metrics?action=AttachFile\&do=get\&target=metrics-report-2011-08.pdf}
}

@InProceedings{ Rusu11_3DIsHere,
  author    = {Radu Bogdan Rusu and Steve Cousins},
  title     = {{3D is here: Point Cloud Library (PCL)}},
  booktitle = {{International Conference on Robotics and Automation}},
  year      = {2011},
  address   = {Shanghai, China}
}

@InProceedings{ Steder11,
  author    = {Bastian Steder and Radu Bogdan Rusu and Kurt Konolige and Wolfram Burgard},
  title     = {{Point Feature Extraction on 3D Range Scans Taking into Account Object Boundaries}},
  booktitle = {{International Conference on Robotics and Automation}},
  year      = {2011}
}

@InProceedings{ Burgard11,
  author    = {Wolfram Burgard and Kai Wurm and Maren Bennewitz and Cyril Stachniss and Armin Hornung and Radu Bogdan Rusu and Kurt Konolige},
  title     = {{Modeling the World Around Us :: An Efficient 3D Representation for Personal Robotics}},
  booktitle = {{Workshop on Defining and Solving Realistic Perception Problems in Personal Robotics at the IEEE/RSJ Int. Conf. on Intelligent Robots and Systems (IROS)}},
  year      = {2010},
  month     = {October},
  address   = {Taipei, Taiwan}
}

@InProceedings{ Rublee11,
  author    = {Ethan Rublee and Vincent Rabaud and Kurt Konolige and Gary Bradski},
  title     = {{ORB: An Efficient Alternative to SIFT or SURF}},
  booktitle = {{International Conference on Computer Vision}},
  year      = {2011},
  month     = {November},
  address   = {Barcelona}
}

@InProceedings{ Muja11,
  author    = {Marius Muja and Radu Bogdan Rusu and Gary Bradski and David Lowe},
  title     = {{REIN - A Fast, Robust, Scalable REcognition INfrastructure }},
  booktitle = {ICRA},
  year      = {2011},
  month     = {September},
  address   = {Shanghai, China}
}

@InProceedings{ Sun11,
  author    = {Min Sun and Shyam Sunder Kumar and Gary Bradski and Silvio Savarese},
  title     = {{Toward Automatic 3D Generic Object Modeling from One Single Image}},
  booktitle = {{3DIMPVT}},
  year      = {2011},
  month     = {May},
  address   = {Hangzhou, China}
}

@Misc{ ImagenexWebsite,
  title   = {{http://imagenex.com/html/bfs\_specs.html}},
  journal = {{Imagenex Website}}
}

@Misc{ OceanscanWebsite,
  title   = {{http://www.oceanscan.net/html/thumbsum1.php?menid=25}},
  journal = {{Oceanscan Website}}
}

@Misc{ KongsbergWebsite,
  title   = {{http://www.kongsberg-mesotech.com/product.htm?OpenDocument}},
  journal = {{Kongsberg Mesotech Website}}
}

@Misc{ ResonWebsite,
  title   = {{http://www.reson.com/products/seabat/seabat-7128/}},
  journal = {{Reson Website}}
}

@InProceedings{ Triggs00bundleadjustment,
  author    = {Bill Triggs and Philip Mclauchlan and Richard Hartley and Andrew Fitzgibbon},
  title     = {{Bundle Adjustment – A Modern Synthesis}},
  booktitle = {{Vision Algorithms: Theory and Practice, LNCS}},
  year      = {2000},
  pages     = {298--375},
  publisher = {Springer Verlag}
}

@InProceedings{ Agrawal07,
  author    = {M. Agrawal and K. Konolige},
  title     = {{Rough Terrain Visual Odometry}},
  booktitle = {{Proceedings of the International Conference on Advanced Robotics (ICAR)}},
  year      = {2007},
  month     = {August}
}

@InProceedings{ Gong09,
  author    = {Piliang Gong and Qifeng Zhang and Aiqun Zhang},
  title     = {{Stereo Vision Based Motion Estimation for Underwater Vehicles}},
  booktitle = {{Intelligent Computation Technology and Automation}},
  year      = {2009},
  month     = {October}
}

@InProceedings{ Ishibashi09,
  author    = {S. Ishibashi},
  title     = {{The Stereo Vision System for an Underwater Vehicle}},
  booktitle = {{OCEANS}},
  year      = {2009},
  month     = {October}
}

@TechReport{ ARL_ANPSS06,
  author      = {Kristin M. Schweitzer and Bradley M. Davis and Bradley A. Pettijohn and Robert D. Clark and Alan D. Davison and James J. Staszewski},
  institution = {{Army Research Laboratory}},
  title       = {{Optimization of Army-Navy/Portable Special Search (AN/PSS)-14 Operator Training}},
  number      = {{ARL-TR-3970}},
  month       = {October},
  year        = {2006}
}

@InProceedings{ HebertJPL11,
  author    = {Paul Hebert and Nicolas Hudson and Jeremy Ma and Thomas Howard and Thomas Fuchs and Max Bajracharya and Joel Burdick},
  title     = {{Combined Shape, Appearance and Silhouette for Simultaneous Manipulator and Object Tracking}},
  booktitle = {{ICRA}},
  month     = {November},
  year      = {2011}
}

@InProceedings{ MaJPL11,
  author    = {Jeremy Ma and Sara Susca and Max Bajracharya and Larry Matthies and Matt Malchano and Dave Wooden},
  title     = {{Robust Multi-Sensor, Day/Night 6-DOF Pose Estimation for a Dynamic Legged Vehicle in GPS-denied Environments}},
  booktitle = {{IROS}},
  month     = {October},
  year      = {2011}
}

@InProceedings{ AlcantarillaVO_EKF,
  author    = {Pablo F. Alcantarilla and Luis Miguel Bergasa and Frank Dellaert},
  title     = {{Visual Odometry Priors for robust EKF-SLAM}},
  booktitle = {{ICRA}},
  month     = {May},
  year      = {2010},
  publisher = {IEEE},
  url       = {{http://frank.dellaert.com/pub/Alcantarilla10icra1.pdf}}
}

@InProceedings{ BaumgartnerEKF,
  author    = {E. T. Baumgartner and H. Aghazarian and A. Trebi-Ollennu},
  title     = {{Rover Localization Results for the FIDO Rover}},
  booktitle = {{Sensor Fusion and Decentralized Control in Robotic Systems IV}},
  month     = {October},
  year      = {2001}
}

@InProceedings{ Ferguson05aguide,
  author    = {Dave Ferguson and Maxim Likhachev and Anthony Stentz},
  title     = {{A Guide to Heuristicbased Path Planning}},
  booktitle = {{Proceedings of the Workshop on Planning under Uncertainty for Autonomous Systems at The International Conference on Automated Planning and Scheduling (ICAPS)}},
  year      = {2005}
}

@InProceedings{ Ferguson_2008_6165,
   author    = {David Ferguson and Thomas Howard and Maxim Likhachev},
   title     = {{Motion Planning in Urban Environments}},
   booktitle = {{Proceedings of the IEEE/RSJ 2008 International Conference on Intelligent Robots and Systems}},
   month     = {September},
   year      = {2008},
}

@Article{ LikhachevPlanning09,
  author  = {Maxim Likhachev and Dave Ferguson},
  title   = {{Planning Long Dynamically Feasible Maneuvers for Autonomous Vehicles}},
  journal = {{International Journal of Robotic Research}},
  pages   = {933--945},
  year    = {2009}
}
